<?xml version="1.0" encoding="UTF-8"?><collection xmlns="http://www.loc.gov/MARC21/slim"><record><leader>00464nam--2200169-u-4500</leader><controlfield tag="001">000051803</controlfield><controlfield tag="002">20161230</controlfield><controlfield tag="005">20161230201049</controlfield><controlfield tag="008">081024s1000------------r-----000-0-eng-d</controlfield><datafield ind1=" " ind2=" " tag="040"><subfield code="a">IFIN-HH</subfield></datafield><datafield ind1=" " ind2=" " tag="080"><subfield code="a">517.929</subfield></datafield><datafield ind1="1" ind2=" " tag="100"><subfield code="a">Gentina,Jean-Claude</subfield></datafield><datafield ind1="1" ind2="0" tag="245"><subfield code="a">Contribution a l'Analyse et a la Synthese des Systemes Continus non Lineaires de Grande Dimension</subfield></datafield><datafield ind1=" " ind2=" " tag="260"><subfield code="a">Lille</subfield><subfield code="c">1976</subfield></datafield><datafield ind1=" " ind2=" " tag="300"><subfield code="a">191 p</subfield></datafield><datafield ind1=" " ind2=" " tag="852"><subfield code="a">44958</subfield><subfield code="c">517.9</subfield></datafield><datafield ind1=" " ind2=" " tag="CAT"><subfield code="a">Sys</subfield><subfield code="c">20081024</subfield><subfield code="h">081800</subfield></datafield></record></collection>